@article{Havl_ek_2019,
   title={Supervised learning with quantum-enhanced feature spaces},
   volume={567},
   ISSN={1476-4687},
   url={http://dx.doi.org/10.1038/s41586-019-0980-2},
   DOI={10.1038/s41586-019-0980-2},
   number={7747},
   journal={Nature},
   publisher={Springer Science and Business Media LLC},
   author={Havlíček, Vojtěch and Córcoles, Antonio D. and Temme, Kristan and Harrow, Aram W. and Kandala, Abhinav and Chow, Jerry M. and Gambetta, Jay M.},
   year={2019},
   month=mar, pages={209–212} }

@misc{crooks2019gradients,
      title={Gradients of parameterized quantum gates using the parameter-shift rule and gate decomposition}, 
      author={Gavin E. Crooks},
      year={2019},
      eprint={1905.13311},
      archivePrefix={arXiv},
      primaryClass={quant-ph}
}

@article{Schuld_2019,
   title={Quantum Machine Learning in Feature Hilbert Spaces},
   volume={122},
   ISSN={1079-7114},
   url={http://dx.doi.org/10.1103/PhysRevLett.122.040504},
   DOI={10.1103/physrevlett.122.040504},
   number={4},
   journal={Physical Review Letters},
   publisher={American Physical Society (APS)},
   author={Schuld, Maria and Killoran, Nathan},
   year={2019},
   month=feb 
   }

@article{Benedetti_2019,
   title={Parameterized quantum circuits as machine learning models},
   volume={4},
   ISSN={2058-9565},
   url={http://dx.doi.org/10.1088/2058-9565/ab4eb5},
   DOI={10.1088/2058-9565/ab4eb5},
   number={4},
   journal={Quantum Science and Technology},
   publisher={IOP Publishing},
   author={Benedetti, Marcello and Lloyd, Erika and Sack, Stefan and Fiorentini, Mattia},
   year={2019},
   month=nov, pages={043001} }

@article{Sim_2019,
   title={Expressibility and Entangling Capability of Parameterized Quantum Circuits for Hybrid Quantum‐Classical Algorithms},
   volume={2},
   ISSN={2511-9044},
   url={http://dx.doi.org/10.1002/qute.201900070},
   DOI={10.1002/qute.201900070},
   number={12},
   journal={Advanced Quantum Technologies},
   publisher={Wiley},
   author={Sim, Sukin and Johnson, Peter D. and Aspuru‐Guzik, Alán},
   year={2019},
   month=oct }

@misc{brennen2003observable,
      title={An observable measure of entanglement for pure states of multi-qubit systems}, 
      author={Gavin K. Brennen},
      year={2003},
      eprint={quant-ph/0305094},
      archivePrefix={arXiv},
      primaryClass={quant-ph}
}

@misc{hubregtsen2020evaluation,
      title={Evaluation of Parameterized Quantum Circuits: on the relation between classification accuracy, expressibility and entangling capability}, 
      author={Thomas Hubregtsen and Josef Pichlmeier and Patrick Stecher and Koen Bertels},
      year={2020},
      eprint={2003.09887},
      archivePrefix={arXiv},
      primaryClass={quant-ph}
}

@misc{BuildingAVQC,
  author       = {Amira Abbas},
  url          = {https://github.com/Qiskit/platypus/blob/main/notebooks/summer-school/2021/resources/lecture-notes/Lecture5.1.pdf},
  howpublished = {IBM Qiskit Summer School},
  title        = {Build a Quantum Classifier},
  year         = {2021}
}

@misc{garcía2022systematic,
      title={Systematic Literature Review: Quantum Machine Learning and its applications}, 
      author={David Peral García and Juan Cruz-Benito and Francisco José García-Peñalvo},
      year={2022},
      eprint={2201.04093},
      archivePrefix={arXiv},
      primaryClass={quant-ph}
}

@misc{sklearnsvm,
  author       = {scikit-learn developers},
  url          = {https://scikit-learn.org/stable/auto_examples/svm/plot_iris_svc.html},
  title        = {Plot Different SVM Classifiers in the iris dataset},
  year         = {2007-2023}
}

@misc{sklearndata,
  author       = {scikit-learn developers},
  url          = {https://scikit-learn.org/stable/datasets/toy_dataset.html},
  title        = {7.1 Toy datasets},
  year         = {2007-2023}
}

@misc{qiskitPQC,
  author       = {qiskits developers},
  url          = {https://github.com/Qiskit/textbook/blob/main/notebooks/quantum-machine-learning/pqc.ipynb},
  title        = {Parameterized Quantum Circuits},
  year         = {2023}
}

@misc{ibmansatz,
  author       = {Qiskit Developers},
  howpublished = {IBM Quantum Learning},
  url          = {https://learning.quantum.ibm.com/course/variational-algorithm-design/ansatze-and-variational-forms},
  title        = {Ansatze and Variational Forms},
  year         = {2023}
}

@misc{pennylaneBLOG,
  author       = {Isdor Schoch (Xanadu Resident)},
  howpublished = {Pennylane Blog},
  url          = {https://pennylane.ai/blog/2022/08/how-to-embed-data-into-a-quantum-state/},
  title        = {How to embed data into a quantum state},
  year         = {2022}
}

@misc{qiskit_sim,
  author       = {IBM Qiskit Developers},
  howpublished = {Qiskit Ecosystem},
  url          = {https://qiskit.org/ecosystem/machine-learning/tutorials/02a_training_a_quantum_model_on_a_real_dataset.html},
  title        = {Training a Quantum Model on a Real Dataset},
  year         = {2023}
}

@misc{IBM, url={https://www.ibm.com/topics/machine-learning}, journal={IBM}, author={IBM}, title={What is Machine Learning?}} 

@misc{ucberkeley,
  author       = {Data Science at UC Berkeley},
  howpublished = {datascience@berkeley, the online Master of Information and Data Science from UC Berkeley},
  url          = {https://ischoolonline.berkeley.edu/blog/what-is-machine-learning/},
  title        = {What is Machine Learning (ML)?},
  year         = {2022}
}

@book{SCHULD_2019_BOOK, 
title={Supervised learning with Quantum Computers}, 
publisher={Springer}, 
author={Schuld, Maria Petruccione},
year={2019}} 

@misc{pennylaneQE,
  author       = {Xanadu Developers},
  url          = {https://pennylane.ai/qml/glossary/quantum_embedding/#:~:text=A%20quantum%20embedding%20represents%20classical,quantum%20state%20%7Cψx⟩%20.},
  title        = {Quantum Embeddings},
  year         = {2023}
}